@article{green2010colour,
  title={A Colour Alphabet and the Limits of Colour Coding},
    author={Green-Armytage, P.},
      journal={JAIC-Journal of the International Colour Association},
        volume={5},
          year={2010}
}
